@INPROCEEDINGS{5455147,  author = {Luo, Lin and Sun, Hao and Zhou, Weiping and Luo, Limin},  booktitle = {2009 First International Conference on Information Science and Engineering},   title = {An Efficient Method of License Plate Location},   year = {2009},  volume = {},  number = {},  pages = {770-773},  doi = {10.1109/ICISE.2009.250} }

@ARTICLE{1688109,
    author = {Anagnostopoulos, C.N.E. and Anagnostopoulos, I.E. and Loumos, V. and Kayafas, E.},
    journal = {IEEE Transactions on Intelligent Transportation Systems},
    title = {A License Plate-Recognition Algorithm for Intelligent Transportation System Applications},
    year = {2006},
    volume = {7},
    number = {3},
    pages = {377-392},
    doi = {10.1109/TITS.2006.880641} }

@ARTICLE{9310202,  author = {Shashirangana, Jithmi and Padmasiri, Heshan and Meedeniya, Dulani and Perera, Charith},  journal = {IEEE Access},   title = {Automated License Plate Recognition: A Survey on Methods and Techniques},   year = {2021},  volume = {9},  number = {},  pages = {11203-11225},  doi = {10.1109/ACCESS.2020.3047929} }

@ARTICLE{824138,  author = {Zunino, R. and Rovetta, S.},  journal = {IEEE Transactions on Industrial Electronics},   title = {Vector quantization for license-plate location and image coding},   year = {2000},  volume = {47},  number = {1},  pages = {159-167},  doi = {10.1109/41.824138} }

@INPROCEEDINGS{4410602,  author = {Heo, Gisu and Kim, Minwoo and Jung, Insook and Lee, Duk-Ryong and Oh, Il-Seok},  booktitle = {2007 International Symposium on Information Technology Convergence (ISITC 2007)},   title = {Extraction of Car License Plate Regions Using Line Grouping and Edge Density Methods},   year = {2007},  volume = {},  number = {},  pages = {37-42},  doi = {10.1109/ISITC.2007.79} }

@INPROCEEDINGS{1520110,  author = {Wenjing Jia and Huaifeng Zhang and Xiangjian He and Piccardi, M.},  booktitle = {Proceedings. 2005 IEEE Intelligent Transportation Systems, 2005.},   title = {Mean shift for accurate license plate localization},   year = {2005},  volume = {},  number = {},  pages = {566-571},  doi = {10.1109/ITSC.2005.1520110} }

@article{Wang2008FuzzybasedAF,
    title = {Fuzzy-based algorithm for color recognition of license plates},
    author = {Feng Wang and Lichun Man and Bangping Wang and Yijun Xiao and Wei Pan and Xiaochun Lu},
    journal = {Pattern Recognit. Lett.},
    year = {2008},
    volume = {29},
    pages = {1007-1020}
}

@inproceedings{DuanBuildingAA,
    title = {Building an Automatic Vehicle License-Plate Recognition System},
    author = {Tran Duc Duan and Tran Le Hong Du and Trần Vĩnh Phước and Nguyen Viet Hoang}
}